<record><leader>00000cas a2200000 a 4500</leader><controlfield tag="001">13400004</controlfield><controlfield tag="008">860407d19031948mouwr ne      0    0eng d</controlfield><datafield ind1=" " ind2=" " tag="010"><subfield code="a">sn 86063309 </subfield></datafield><datafield ind1=" " ind2=" " tag="040"><subfield code="a">KSH</subfield><subfield code="b">eng</subfield><subfield code="c">KSH</subfield><subfield code="d">NPT</subfield><subfield code="d">MQN</subfield><subfield code="d">OCL</subfield><subfield code="d">OCLCQ</subfield></datafield><datafield ind1=" " ind2=" " tag="042"><subfield code="a">msc</subfield></datafield><datafield ind1="0" ind2=" " tag="130"><subfield code="a">Cuba review (Cuba, Mo.)</subfield></datafield><datafield ind1="1" ind2="4" tag="245"><subfield code="a">The Cuba review.</subfield></datafield><datafield ind1=" " ind2=" " tag="260"><subfield code="a">Cuba, Crawford County, Mo. :</subfield><subfield code="b">John Harris,</subfield><subfield code="c">1903-</subfield></datafield><datafield ind1=" " ind2=" " tag="300"><subfield code="a">v. :</subfield><subfield code="b">ill. ;</subfield><subfield code="c">55 cm.</subfield></datafield><datafield ind1=" " ind2=" " tag="310"><subfield code="a">Weekly</subfield></datafield><datafield ind1="0" ind2=" " tag="362"><subfield code="a">New ser., vol. 10, no. 2 (Nov. 6, 1903)-</subfield></datafield><datafield ind1="1" ind2=" " tag="362"><subfield code="a">Ceased in 1948.</subfield></datafield><datafield ind1=" " ind2=" " tag="752"><subfield code="a">United States</subfield><subfield code="b">Missouri</subfield><subfield code="c">Crawford</subfield><subfield code="d">Cuba.</subfield></datafield><datafield ind1="0" ind2="0" tag="780"><subfield code="t">Telephone (Cuba, Mo.)</subfield><subfield code="w">(DLC)sn 89066927</subfield></datafield><datafield ind1="0" ind2="7" tag="785"><subfield code="t">Cuba news</subfield><subfield code="w">(DLC)sn 89066923</subfield></datafield><datafield ind1="0" ind2="7" tag="785"><subfield code="t">News and review (Cuba, Mo.)</subfield><subfield code="w">(DLC)sn 89066924</subfield></datafield><datafield ind1="1" ind2=" " tag="029"><subfield code="a">AU@</subfield><subfield code="b">000020561998</subfield></datafield></record>